
<marc:record><marc:leader>03381nam a2200553 i 4500</marc:leader>
<marc:controlfield tag="001">000983256</marc:controlfield>
<marc:controlfield tag="005">20200803085221.0</marc:controlfield><marc:controlfield tag="006">m     o  d f      </marc:controlfield><marc:controlfield tag="007">cr mn|||||||||</marc:controlfield><marc:controlfield tag="008">160609s2015    waua    ob   f000 0 eng c</marc:controlfield><marc:datafield tag="035" ind1=" " ind2=" "><marc:subfield code="a">(OCoLC)951476783</marc:subfield></marc:datafield><marc:datafield tag="040" ind1=" " ind2=" "><marc:subfield code="a">GPO</marc:subfield><marc:subfield code="b">eng</marc:subfield><marc:subfield code="e">rda</marc:subfield><marc:subfield code="e">pn</marc:subfield><marc:subfield code="c">GPO</marc:subfield></marc:datafield><marc:datafield tag="042" ind1=" " ind2=" "><marc:subfield code="a">pcc</marc:subfield></marc:datafield><marc:datafield tag="043" ind1=" " ind2=" "><marc:subfield code="a">r------</marc:subfield></marc:datafield><marc:datafield tag="074" ind1=" " ind2=" "><marc:subfield code="a">0671-F-07 (online)</marc:subfield></marc:datafield><marc:datafield tag="086" ind1="0" ind2=" "><marc:subfield code="a">I 72.12/2:2015-034</marc:subfield></marc:datafield><marc:datafield tag="245" ind1="0" ind2="0"><marc:subfield code="a">Chukchi offshore monitoring in drilling area (COMIDA): factors affecting the distribution and relative abundance of endangered whales and other marine mammals in the Chukchi Sea :</marc:subfield><marc:subfield code="b">final report of the Chukchi Sea acoustics, oceanography, and zooplankton study /</marc:subfield><marc:subfield code="c">prepared for Environmental Studies Program, Alaska Outer Continental Shelf Region, Bureau of Ocean Energy Management, U.S. Department of Interior ; submitted through National Marine Mammal Laboratory, Alaska Fisheries Science Center, National Marine Fisheries Service, NOAA, U.S. Department of Commerce.</marc:subfield></marc:datafield><marc:datafield tag="246" ind1="3" ind2="0"><marc:subfield code="a">Factors affecting the distribution and relative abundance of endangered whales and other marine mammals in the Chukchi Sea</marc:subfield></marc:datafield><marc:datafield tag="246" ind1="3" ind2="0"><marc:subfield code="a">Final report of the Chukchi Sea acoustics, oceanography, and zooplankton study</marc:subfield></marc:datafield><marc:datafield tag="264" ind1=" " ind2="1"><marc:subfield code="a">Seattle, Washington :</marc:subfield><marc:subfield code="b">National Marine Mammal Laboratory, Alaska Fisheries Science Center, National Marine Fisheries Service, National Oceanic and Atmospheric Administration,</marc:subfield><marc:subfield code="c">2015.</marc:subfield></marc:datafield><marc:datafield tag="300" ind1=" " ind2=" "><marc:subfield code="a">1 online resource (xii, 362 pages) :</marc:subfield><marc:subfield code="b">illustrations (chiefly color).</marc:subfield></marc:datafield><marc:datafield tag="336" ind1=" " ind2=" "><marc:subfield code="a">text</marc:subfield><marc:subfield code="b">txt</marc:subfield><marc:subfield code="2">rdacontent</marc:subfield></marc:datafield><marc:datafield tag="337" ind1=" " ind2=" "><marc:subfield code="a">computer</marc:subfield><marc:subfield code="b">c</marc:subfield><marc:subfield code="2">rdamedia</marc:subfield></marc:datafield><marc:datafield tag="338" ind1=" " ind2=" "><marc:subfield code="a">online resource</marc:subfield><marc:subfield code="b">cr</marc:subfield><marc:subfield code="2">rdacarrier</marc:subfield></marc:datafield><marc:datafield tag="490" ind1="1" ind2=" "><marc:subfield code="a">OCS study ;</marc:subfield><marc:subfield code="v">BOEM 2015-034</marc:subfield></marc:datafield><marc:datafield tag="500" ind1=" " ind2=" "><marc:subfield code="a">Title from title screen (viewed June 9, 2016).</marc:subfield></marc:datafield><marc:datafield tag="500" ind1=" " ind2=" "><marc:subfield code="a">&quot;August 2015&quot;--PDF cover.</marc:subfield></marc:datafield><marc:datafield tag="504" ind1=" " ind2=" "><marc:subfield code="a">Includes bibliographical references (pages 297-315).</marc:subfield></marc:datafield><marc:datafield tag="536" ind1=" " ind2=" "><marc:subfield code="a">Funded by Bureau of Ocean Energy Management, Alaska Outer Continental Shelf Region, U.S. Department of the Interior</marc:subfield><marc:subfield code="b">M09PG00016</marc:subfield></marc:datafield><marc:datafield tag="650" ind1=" " ind2="0"><marc:subfield code="a">Marine mammals</marc:subfield><marc:subfield code="x">Monitoring</marc:subfield><marc:subfield code="z">Chukchi Sea.</marc:subfield></marc:datafield><marc:datafield tag="650" ind1=" " ind2="0"><marc:subfield code="a">Endangered species</marc:subfield><marc:subfield code="x">Geographical distribution</marc:subfield><marc:subfield code="x">Environmental aspects</marc:subfield><marc:subfield code="z">Chukchi Sea.</marc:subfield></marc:datafield><marc:datafield tag="650" ind1=" " ind2="0"><marc:subfield code="a">Marine mammals</marc:subfield><marc:subfield code="x">Geographical distribution</marc:subfield><marc:subfield code="x">Environmental aspects</marc:subfield><marc:subfield code="z">Chukchi Sea.</marc:subfield></marc:datafield><marc:datafield tag="650" ind1=" " ind2="0"><marc:subfield code="a">Cetacea</marc:subfield><marc:subfield code="x">Geographical distribution</marc:subfield><marc:subfield code="x">Environmental aspects</marc:subfield><marc:subfield code="z">Chukchi Sea.</marc:subfield></marc:datafield><marc:datafield tag="650" ind1=" " ind2="0"><marc:subfield code="a">Cetacea populations</marc:subfield><marc:subfield code="x">Environmental aspects</marc:subfield><marc:subfield code="z">Chukchi Sea.</marc:subfield></marc:datafield><marc:datafield tag="650" ind1=" " ind2="0"><marc:subfield code="a">Offshore oil industry</marc:subfield><marc:subfield code="x">Environmental aspects</marc:subfield><marc:subfield code="z">Chukchi Sea.</marc:subfield></marc:datafield><marc:datafield tag="650" ind1=" " ind2="0"><marc:subfield code="a">Offshore gas industry</marc:subfield><marc:subfield code="x">Environmental aspects</marc:subfield><marc:subfield code="z">Chukchi Sea.</marc:subfield></marc:datafield><marc:datafield tag="650" ind1=" " ind2="0"><marc:subfield code="a">Oceanography</marc:subfield><marc:subfield code="x">Research</marc:subfield><marc:subfield code="z">Chukchi Sea.</marc:subfield></marc:datafield><marc:datafield tag="650" ind1=" " ind2="0"><marc:subfield code="a">Underwater acoustics</marc:subfield><marc:subfield code="z">Chukchi Sea.</marc:subfield></marc:datafield><marc:datafield tag="710" ind1="2" ind2=" "><marc:subfield code="a">National Marine Mammal Laboratory (U.S.),</marc:subfield><marc:subfield code="e">issuing body.</marc:subfield></marc:datafield><marc:datafield tag="710" ind1="1" ind2=" "><marc:subfield code="a">United States.</marc:subfield><marc:subfield code="b">Bureau of Ocean Energy Management.</marc:subfield><marc:subfield code="b">Alaska Outer Continental Shelf Region,</marc:subfield><marc:subfield code="e">sponsoring body.</marc:subfield></marc:datafield><marc:datafield tag="710" ind1="2" ind2=" "><marc:subfield code="a">Environmental Studies Program (U.S.)</marc:subfield></marc:datafield><marc:datafield tag="776" ind1="0" ind2="8"><marc:subfield code="i">Print version:</marc:subfield><marc:subfield code="t">Chukchi offshore monitoring in drilling area (COMIDA): factors affecting the distribution and relative abundance of endangered whales and other marine mammals in the Chukchi Sea</marc:subfield><marc:subfield code="w">(OCoLC)951476937</marc:subfield></marc:datafield><marc:datafield tag="830" ind1=" " ind2="0"><marc:subfield code="a">OCS study ;</marc:subfield><marc:subfield code="v">BOEM 2015-034.</marc:subfield></marc:datafield><marc:datafield tag="856" ind1="4" ind2="0"><marc:subfield code="u">https://purl.fdlp.gov/GPO/gpo68860</marc:subfield></marc:datafield><marc:datafield tag="856" ind1="4" ind2=" "><marc:subfield code="u">https://www.afsc.noaa.gov/nmml/PDF/CHAOZ_final_report.pdf</marc:subfield></marc:datafield><marc:datafield tag="994" ind1=" " ind2=" "><marc:subfield code="a">C0</marc:subfield><marc:subfield code="b">GPO</marc:subfield></marc:datafield><marc:datafield tag="049" ind1=" " ind2=" "><marc:subfield code="a">GPOO</marc:subfield></marc:datafield><marc:datafield tag="955" ind1=" " ind2=" "><marc:subfield code="a">ACQ16</marc:subfield></marc:datafield><marc:datafield tag="955" ind1=" " ind2=" "><marc:subfield code="a">BCB22 20160609</marc:subfield><marc:subfield code="b">20160609</marc:subfield></marc:datafield></marc:record>