
<marc:record><marc:leader>02679cam a2200457 i 4500</marc:leader>
<marc:controlfield tag="001">001122813</marc:controlfield>
<marc:controlfield tag="005">20200604152546.0</marc:controlfield><marc:controlfield tag="006">m     o  d f      </marc:controlfield><marc:controlfield tag="007">cr |||||||||||</marc:controlfield><marc:controlfield tag="008">101113s2006    dcu     o    f000 0 eng c</marc:controlfield><marc:datafield tag="019" ind1=" " ind2=" "><marc:subfield code="a">64581266</marc:subfield><marc:subfield code="a">654369911</marc:subfield><marc:subfield code="a">654507654</marc:subfield><marc:subfield code="a">657475278</marc:subfield><marc:subfield code="a">1062937474</marc:subfield></marc:datafield><marc:datafield tag="035" ind1=" " ind2=" "><marc:subfield code="a">(OCoLC)681290133</marc:subfield><marc:subfield code="z">(OCoLC)64581266</marc:subfield><marc:subfield code="z">(OCoLC)654369911</marc:subfield><marc:subfield code="z">(OCoLC)654507654</marc:subfield><marc:subfield code="z">(OCoLC)657475278</marc:subfield><marc:subfield code="z">(OCoLC)1062937474</marc:subfield></marc:datafield><marc:datafield tag="040" ind1=" " ind2=" "><marc:subfield code="a">OCLCE</marc:subfield><marc:subfield code="b">eng</marc:subfield><marc:subfield code="e">rda</marc:subfield><marc:subfield code="e">pn</marc:subfield><marc:subfield code="c">OCLCE</marc:subfield><marc:subfield code="d">OCLCQ</marc:subfield><marc:subfield code="d">BUF</marc:subfield><marc:subfield code="d">OCLCQ</marc:subfield><marc:subfield code="d">OCLCF</marc:subfield><marc:subfield code="d">OCLCQ</marc:subfield><marc:subfield code="d">WYU</marc:subfield><marc:subfield code="d">GPO</marc:subfield></marc:datafield><marc:datafield tag="042" ind1=" " ind2=" "><marc:subfield code="a">dlr</marc:subfield><marc:subfield code="a">pcc</marc:subfield></marc:datafield><marc:datafield tag="043" ind1=" " ind2=" "><marc:subfield code="a">n-us-la</marc:subfield></marc:datafield><marc:datafield tag="050" ind1=" " ind2="4"><marc:subfield code="a">KF27</marc:subfield><marc:subfield code="b">.R3846 2005e</marc:subfield></marc:datafield><marc:datafield tag="074" ind1=" " ind2=" "><marc:subfield code="a">1023-A (online)</marc:subfield></marc:datafield><marc:datafield tag="086" ind1="0" ind2=" "><marc:subfield code="a">Y 4.R 31/3:109-29</marc:subfield></marc:datafield><marc:datafield tag="088" ind1=" " ind2=" "><marc:subfield code="a">Serial no. 109-29 (United States. Congress. House. Committee on Resources)</marc:subfield></marc:datafield><marc:datafield tag="110" ind1="1" ind2=" "><marc:subfield code="a">United States.</marc:subfield><marc:subfield code="b">Congress.</marc:subfield><marc:subfield code="b">House.</marc:subfield><marc:subfield code="b">Committee on Resources.</marc:subfield><marc:subfield code="b">Subcommittee on Energy and Mineral Resources,</marc:subfield><marc:subfield code="e">author.</marc:subfield></marc:datafield><marc:datafield tag="245" ind1="1" ind2="4"><marc:subfield code="a">The benefits of offshore oil and gas development :</marc:subfield><marc:subfield code="b">oversight field hearing before the Subcommittee on Energy and Mineral Resources of the Committee on Resources, U.S. House of Representatives, One Hundred Ninth Congress, first session, Saturday, August 13, 2005, in Port Fourchon, Louisiana.</marc:subfield></marc:datafield><marc:datafield tag="264" ind1=" " ind2="1"><marc:subfield code="a">Washington :</marc:subfield><marc:subfield code="b">U.S. Government Printing Office,</marc:subfield><marc:subfield code="c">2006.</marc:subfield></marc:datafield><marc:datafield tag="300" ind1=" " ind2=" "><marc:subfield code="a">1 online resource (iii, 75 pages)</marc:subfield></marc:datafield><marc:datafield tag="336" ind1=" " ind2=" "><marc:subfield code="a">text</marc:subfield><marc:subfield code="b">txt</marc:subfield><marc:subfield code="2">rdacontent</marc:subfield></marc:datafield><marc:datafield tag="337" ind1=" " ind2=" "><marc:subfield code="a">computer</marc:subfield><marc:subfield code="b">c</marc:subfield><marc:subfield code="2">rdamedia</marc:subfield></marc:datafield><marc:datafield tag="338" ind1=" " ind2=" "><marc:subfield code="a">online resource</marc:subfield><marc:subfield code="b">cr</marc:subfield><marc:subfield code="2">rdacarrier</marc:subfield></marc:datafield><marc:datafield tag="588" ind1=" " ind2=" "><marc:subfield code="a">Description based on online resource; title from PDF title screen (govinfo web site, viewed on June 4, 2020).</marc:subfield></marc:datafield><marc:datafield tag="500" ind1=" " ind2=" "><marc:subfield code="a">&quot;Serial no. 109-29.&quot;</marc:subfield></marc:datafield><marc:datafield tag="650" ind1=" " ind2="0"><marc:subfield code="a">Offshore oil industry</marc:subfield><marc:subfield code="z">Louisiana</marc:subfield><marc:subfield code="z">Gulf Coast.</marc:subfield></marc:datafield><marc:datafield tag="650" ind1=" " ind2="0"><marc:subfield code="a">Offshore gas industry</marc:subfield><marc:subfield code="z">Louisiana</marc:subfield><marc:subfield code="z">Gulf Coast.</marc:subfield></marc:datafield><marc:datafield tag="655" ind1=" " ind2="7"><marc:subfield code="a">Legislative hearings.</marc:subfield><marc:subfield code="2">lcgft</marc:subfield></marc:datafield><marc:datafield tag="776" ind1="0" ind2="8"><marc:subfield code="i">Print version:</marc:subfield><marc:subfield code="a">United States. Congress. House. Committee on Resources. Subcommittee on Energy and Mineral Resources.</marc:subfield><marc:subfield code="t">Benefits of offshore oil and gas development</marc:subfield><marc:subfield code="w">(DLC) 2006372326</marc:subfield><marc:subfield code="w">(OCoLC)64557345</marc:subfield></marc:datafield><marc:datafield tag="776" ind1="0" ind2="8"><marc:subfield code="i">Microfiche version:</marc:subfield><marc:subfield code="a">United States. Congress. House. Committee on Resources. Subcommittee on Energy and Mineral Resources.</marc:subfield><marc:subfield code="t">Benefits of offshore oil and gas development</marc:subfield><marc:subfield code="w">(OCoLC)65196010</marc:subfield></marc:datafield><marc:datafield tag="856" ind1="4" ind2="0"><marc:subfield code="3">PDF version</marc:subfield><marc:subfield code="u">https://purl.fdlp.gov/GPO/LPS67398</marc:subfield></marc:datafield><marc:datafield tag="856" ind1="4" ind2="0"><marc:subfield code="3">Text version</marc:subfield><marc:subfield code="u">https://purl.fdlp.gov/GPO/LPS67397</marc:subfield></marc:datafield><marc:datafield tag="856" ind1="4" ind2=" "><marc:subfield code="z">Address at time of PURL creation</marc:subfield><marc:subfield code="3">PDF version</marc:subfield><marc:subfield code="u">https://www.govinfo.gov/content/pkg/CHRG-109hhrg23439/pdf/CHRG-109hhrg23439.pdf</marc:subfield></marc:datafield><marc:datafield tag="856" ind1="4" ind2=" "><marc:subfield code="z">Address at time of PURL creation</marc:subfield><marc:subfield code="3">Text version</marc:subfield><marc:subfield code="u">https://www.govinfo.gov/content/pkg/CHRG-109hhrg23439/html/CHRG-109hhrg23439.htm</marc:subfield></marc:datafield><marc:datafield tag="994" ind1=" " ind2=" "><marc:subfield code="a">C0</marc:subfield><marc:subfield code="b">GPO</marc:subfield></marc:datafield><marc:datafield tag="049" ind1=" " ind2=" "><marc:subfield code="a">XZL4</marc:subfield></marc:datafield><marc:datafield tag="955" ind1=" " ind2=" "><marc:subfield code="a">bca29 20200604</marc:subfield><marc:subfield code="b">20200604</marc:subfield></marc:datafield><marc:datafield tag="922" ind1=" " ind2=" "><marc:subfield code="a">BIBCONEW</marc:subfield><marc:subfield code="b">20200604</marc:subfield></marc:datafield></marc:record>